<?xml version="1.0" encoding="UTF-8"?><record xmlns="http://www.loc.gov/MARC21/slim" xmlns:cinclude="http://apache.org/cocoon/include/1.0" xmlns:zs="http://www.loc.gov/zing/srw/">
  <leader>00428cz  a2200121n  4500</leader>
  <controlfield tag="001">n  85816779 </controlfield>
  <controlfield tag="003">DLC</controlfield>
  <controlfield tag="005">19851031101741.3</controlfield>
  <controlfield tag="008">850920n| acannaab|          |n aad |||  </controlfield>
  <datafield tag="010" ind1=" " ind2=" ">
    <subfield code="a">n  85816779 </subfield>
  </datafield>
  <datafield tag="040" ind1=" " ind2=" ">
    <subfield code="a">DLC</subfield>
    <subfield code="c">DLC</subfield>
    <subfield code="d">DLC</subfield>
  </datafield>
  <datafield tag="100" ind1="1" ind2="0">
    <subfield code="a">Sardella, Joseph R.</subfield>
    <subfield code="q">(Joseph Richard),</subfield>
    <subfield code="d">1925-</subfield>
  </datafield>
  <datafield tag="670" ind1=" " ind2=" ">
    <subfield code="a">nuc85-57829: His Emerging constitutional decisions ... 1978</subfield>
    <subfield code="b">(hdg. on MBU rept.: Sardella, Joseph Richard, 1925- ; usage: Joseph R. Sardella)</subfield>
  </datafield>
</record>